<?xml version="1.0" encoding="UTF-8"?><collection xmlns="http://www.loc.gov/MARC21/slim"><record><leader>00407nam--2200121-i-4500</leader><controlfield tag="001">000043828</controlfield><controlfield tag="002">20161230</controlfield><controlfield tag="005">20161230201044</controlfield><controlfield tag="008">060222s1000------------r-----000-0-eng-d</controlfield><datafield ind1=" " ind2=" " tag="080"><subfield code="a">550.8(043)</subfield></datafield><datafield ind1=" " ind2=" " tag="245"><subfield code="a">Studiu asupra stadiului actual si tendintelor de dezvoltare a cercetarilor in domeniul stiintelor geologice (geologie, geochimie, geofizica)</subfield></datafield><datafield ind1=" " ind2=" " tag="260"><subfield code="a">Bucuresti, Inst.Geologic, 1971, 61p</subfield></datafield><datafield ind1=" " ind2=" " tag="852"><subfield code="a">48145</subfield></datafield></record></collection>